@article{nolan_2012_telescope-second,
    Author = {{Nolan}, P.~L. and {Abdo}, A.~A. and {Ackermann}, M. and {Ajello}, M. and {Allafort}, A. and {Antolini}, E. and {Atwood}, W.~B. and {Axelsson}, M. and {Baldini}, L. and {Ballet}, J. and et al.},
    Journal = {\apjs},
    Month = apr,
    Pages = {31},
    Title = {{Fermi Large Area Telescope Second Source Catalog}},
    Volume = 199,
    Year = 2012}

@article{rousseau_2012_fermi-lat-constraints,
    Author = {{Rousseau}, R. and {Grondin}, M.-H. and {Van Etten}, A. and {Lemoine-Goumard}, M. and {Bogdanov}, S. and {Hessels}, J.~W.~T. and {Kaspi}, V.~M. and {Arzoumanian}, Z. and {Camilo}, F. and {Casandjian}, J.~M. and {Espinoza}, C.~M. and {Johnston}, S. and {Lyne}, A.~G. and {Smith}, D.~A. and {Stappers}, B.~W. and {Caliandro}, G.~A.},
    Journal = {\aap},
    Month = aug,
    Pages = {A3},
    Title = {{Fermi-LAT constraints on the pulsar wind nebula nature of HESS J1857+026}},
    Volume = 544,
    Year = 2012}

@phdthesis{kerr_2010_likelihood-methods,
    Author = {Matthew Kerr},
    School = {University of Washington},
    Title = {{Likelihood Methods for the Detection and Characterization of Gamma-ray Pulsars with the Fermi Large Area Telescope}},
    Year = {2010}}

@article{atwood_2009_telescope-gamma-ray,
    Author = {{Atwood}, W.~B. and {Abdo}, A.~A. and {Ackermann}, M. and {Althouse}, W. and {Anderson}, B. and {Axelsson}, M. and {Baldini}, L. and {Ballet}, J. and {Band}, D.~L. and {Barbiellini}, G. and et al.},
    Journal = {\apj},
    Month = jun,
    Pages = {1071-1102},
    Title = {{The Large Area Telescope on the Fermi Gamma-Ray Space Telescope Mission}},
    Volume = 697,
    Year = 2009}

@article{ackermann_2012_telescope-orbit:,
    Author = {{Ackermann}, M. and {Ajello}, M. and {Albert}, A. and {Allafort}, A. and {Atwood}, W.~B. and {Axelsson}, M. and {Baldini}, L. and {Ballet}, J. and {Barbiellini}, G. and {Bastieri}, D. and {Bechtol}, K. and {Bellazzini}, R. and {Bissaldi}, E. and {Blandford}, R.~D. and {Bloom}, E.~D. and {Bogart}, J.~R. and {Bonamente}, E. and {Borgland}, A.~W. and {Bottacini}, E. and {Bouvier}, A. and {Brandt}, T.~J. and {Bregeon}, J. and {Brigida}, M. and {Bruel}, P. and {Buehler}, R. and {Burnett}, T.~H. and {Buson}, S. and {Caliandro}, G.~A. and {Cameron}, R.~A. and {Caraveo}, P.~A. and {Casandjian}, J.~M. and {Cavazzuti}, E. and {Cecchi}, C. and {{\c C}elik}, {\"O}. and {Charles}, E. and {Chaves}, R.~C.~G. and {Chekhtman}, A. and {Cheung}, C.~C. and {Chiang}, J. and {Ciprini}, S. and {Claus}, R. and {Cohen-Tanugi}, J. and {Conrad}, J. and {Corbet}, R. and {Cutini}, S. and {D'Ammando}, F. and {Davis}, D.~S. and {de Angelis}, A. and {DeKlotz}, M. and {de Palma}, F. and {Dermer}, C.~D. and {Digel}, S.~W. and {Silva}, E.~d.~C.~e. and {Drell}, P.~S. and {Drlica-Wagner}, A. and {Dubois}, R. and {Favuzzi}, C. and {Fegan}, S.~J. and {Ferrara}, E.~C. and {Focke}, W.~B. and {Fortin}, P. and {Fukazawa}, Y. and {Funk}, S. and {Fusco}, P. and {Gargano}, F. and {Gasparrini}, D. and {Gehrels}, N. and {Giebels}, B. and {Giglietto}, N. and {Giordano}, F. and {Giroletti}, M. and {Glanzman}, T. and {Godfrey}, G. and {Grenier}, I.~A. and {Grove}, J.~E. and {Guiriec}, S. and {Hadasch}, D. and {Hayashida}, M. and {Hays}, E. and {Horan}, D. and {Hou}, X. and {Hughes}, R.~E. and {Jackson}, M.~S. and {Jogler}, T. and {J{\'o}hannesson}, G. and {Johnson}, R.~P. and {Johnson}, T.~J. and {Johnson}, W.~N. and {Kamae}, T. and {Katagiri}, H. and {Kataoka}, J. and {Kerr}, M. and {Kn{\"o}dlseder}, J. and {Kuss}, M. and {Lande}, J. and {Larsson}, S. and {Latronico}, L. and {Lavalley}, C. and {Lemoine-Goumard}, M. and {Longo}, F. and {Loparco}, F. and {Lott}, B. and {Lovellette}, M.~N. and {Lubrano}, P. and {Mazziotta}, M.~N. and {McConville}, W. and {McEnery}, J.~E. and {Mehault}, J. and {Michelson}, P.~F. and {Mitthumsiri}, W. and {Mizuno}, T. and {Moiseev}, A.~A. and {Monte}, C. and {Monzani}, M.~E. and {Morselli}, A. and {Moskalenko}, I.~V. and {Murgia}, S. and {Naumann-Godo}, M. and {Nemmen}, R. and {Nishino}, S. and {Norris}, J.~P. and {Nuss}, E. and {Ohno}, M. and {Ohsugi}, T. and {Okumura}, A. and {Omodei}, N. and {Orienti}, M. and {Orlando}, E. and {Ormes}, J.~F. and {Paneque}, D. and {Panetta}, J.~H. and {Perkins}, J.~S. and {Pesce-Rollins}, M. and {Pierbattista}, M. and {Piron}, F. and {Pivato}, G. and {Porter}, T.~A. and {Racusin}, J.~L. and {Rain{\`o}}, S. and {Rando}, R. and {Razzano}, M. and {Razzaque}, S. and {Reimer}, A. and {Reimer}, O. and {Reposeur}, T. and {Reyes}, L.~C. and {Ritz}, S. and {Rochester}, L.~S. and {Romoli}, C. and {Roth}, M. and {Sadrozinski}, H.~F.-W. and {Sanchez}, D.~A. and {Saz Parkinson}, P.~M. and {Sbarra}, C. and {Scargle}, J.~D. and {Sgr{\`o}}, C. and {Siegal-Gaskins}, J. and {Siskind}, E.~J. and {Spandre}, G. and {Spinelli}, P. and {Stephens}, T.~E. and {Suson}, D.~J. and {Tajima}, H. and {Takahashi}, H. and {Tanaka}, T. and {Thayer}, J.~G. and {Thayer}, J.~B. and {Thompson}, D.~J. and {Tibaldo}, L. and {Tinivella}, M. and {Tosti}, G. and {Troja}, E. and {Usher}, T.~L. and {Vandenbroucke}, J. and {Van Klaveren}, B. and {Vasileiou}, V. and {Vianello}, G. and {Vitale}, V. and {Waite}, A.~P. and {Wallace}, E. and {Winer}, B.~L. and {Wood}, D.~L. and {Wood}, K.~S. and {Wood}, M. and {Yang}, Z. and {Zimmer}, S.},
    Journal = {\apjs},
    Month = nov,
    Pages = {4},
    Title = {{The Fermi Large Area Telescope on Orbit: Event Classification, Instrument Response Functions, and Calibration}},
    Volume = 203,
    Year = 2012}

@article{li_1983_analysis-methods,
    Author = {{Li}, T.-P. and {Ma}, Y.-Q.},
    Journal = {\apj},
    Month = sep,
    Pages = {317-324},
    Title = {{Analysis methods for results in gamma-ray astronomy}},
    Volume = 272,
    Year = 1983}

@article{mattox_1996_likelihood-analysis,
    Author = {{Mattox}, J.~R. and {Bertsch}, D.~L. and {Chiang}, J. and {Dingus}, B.~L. and {Digel}, S.~W. and {Esposito}, J.~A. and {Fierro}, J.~M. and {Hartman}, R.~C. and {Hunter}, S.~D. and {Kanbach}, G. and {Kniffen}, D.~A. and {Lin}, Y.~C. and {Macomb}, D.~J. and {Mayer-Hasselwander}, H.~A. and {Michelson}, P.~F. and {von Montigny}, C. and {Mukherjee}, R. and {Nolan}, P.~L. and {Ramanamurthy}, P.~V. and {Schneid}, E. and {Sreekumar}, P. and {Thompson}, D.~J. and {Willis}, T.~D.},
    Journal = {\apj},
    Month = apr,
    Pages = {396},
    Title = {{The Likelihood Analysis of EGRET Data}},
    Volume = 461,
    Year = 1996}

@book{fisher_1925_statistical-methods,
    Address = {Edinburgh},
    Author = {Fisher, Ronald A.},
    Publisher = {Oliver and Boyd},
    Title = {{Statistical Methods for Research Workers}},
    Year = {1925}}

@article{cash_1979_parameter-estimation,
    Author = {{Cash}, W.},
    Journal = {\apj},
    Month = mar,
    Pages = {939-947},
    Title = {{Parameter estimation in astronomy through application of the likelihood ratio}},
    Volume = 228,
    Year = 1979}

@article{hewitt_2012_fermi-lat-observations,
    Author = {J.W. Hewitt and M.-H. Grondin and M. Lemoine-Goumard and T. Reposeur and J. Ballet and T. Tanaka},
    Month = {10},
    Title = {Fermi-LAT and WMAP observations of the Puppis A Supernova Remnant},
    Year = {2012}}

@article{katsuta_2012_fermi-lat-observation,
    Author = {Junichiro Katsuta and Yasunobu Uchiyama and Takaaki Tanaka and Hiroyasu Tajima and Keith Bechtol and Stefan Funk and Joshua Lande and Jean Ballet and Yoshitaka Hanabata and Marianne Lemoine-Goumard and Tadayuki Takahashi},
    Month = {04},
    Title = {Fermi-LAT Observation of Supernova Remnant S147},
    Year = {2012}}

@article{feenberg_1948_interaction-cosmic-ray,
    Author = {Feenberg, E. and Primakoff, H.},
    Journal = {Phys. Rev.},
    Month = {Mar},
    Pages = {449--469},
    Title = {Interaction of Cosmic-Ray Primaries with Sunlight and Starlight},
    Volume = {73},
    Year = {1948}}

@article{kraushaar_1965_explorer-experiment,
    Author = {{Kraushaar}, W. and {Clark}, G.~W. and {Garmire}, G. and {Helmken}, H. and {Higbie}, P. and {Agogino}, M.},
    Journal = {\apj},
    Month = apr,
    Pages = {845},
    Title = {{Explorer XI Experiment on Cosmic Gamma Rays.}},
    Volume = 141,
    Year = 1965}

@article{hayakawa_1952_propagation-cosmic,
    Author = {{hayakawa}, S.},
    Journal = {Progress of Theoretical Physics},
    Month = nov,
    Pages = {571-572},
    Title = {{Propagation of the Cosmic Radiation through Intersteller Space}},
    Volume = 8,
    Year = 1952}

@article{hutchinson_1952_possible-relation,
    Author = {Hutchinson, G.W.},
    Journal = {Philosophical Magazine Series 7},
    Number = {343},
    Pages = {847-852},
    Title = {On the possible relation of galactic radio noise to cosmic rays},
    Volume = {43},
    Year = {1952}}

@article{morrison_1958_gamma-ray-astronomy,
    Author = {Morrison, P.},
    Journal = {Il Nuovo Cimento},
    Pages = {858-865},
    Title = {On gamma-ray astronomy},
    Volume = {7},
    Year = {1958}}

@article{kraushaar_1972_high-energy-cosmic,
    Author = {{Kraushaar}, W.~L. and {Clark}, G.~W. and {Garmire}, G.~P. and {Borken}, R. and {Higbie}, P. and {Leong}, V. and {Thorsos}, T.},
    Journal = {\apj},
    Month = nov,
    Pages = {341},
    Title = {{High-Energy Cosmic Gamma-Ray Observations from the OSO-3 Satellite}},
    Volume = 177,
    Year = 1972}

@article{burnight_1949_x-radiation-atmosphere,
    Author = {Burnight, TR},
    Journal = {Phys. Rev},
    Number = {165},
    Pages = {19--9},
    Title = {Soft X-radiation in the upper atmosphere},
    Volume = {76},
    Year = {1949}}

@article{herschel_1800_experiments-refrangibility,
    Author = {Herschel, William},
    Journal = {Philosophical Transactions of the Royal Society of London},
    Pages = {pp. 284-292},
    Title = {Experiments on the Refrangibility of the Invisible Rays of the Sun. By William Herschel, LL. D. F. R. S.},
    Volume = {90},
    Year = {1800}}

@article{jansky_1933_electrical-disturbances,
    Author = {Jansky, K.G.},
    Journal = {Proceedings of the Institute of Radio Engineers},
    Month = {oct.},
    Number = {10},
    Pages = {1387 - 1398},
    Title = {Electrical Disturbances Apparently of Extraterrestrial Origin},
    Volume = {21},
    Year = {1933}}

@article{baum_1946_ultraviolet-spectrum,
    Author = {Baum, W. A. and Johnson, F. S. and Oberly, J. J. and Rockwood, C. C. and Strain, C. V. and Tousey, R.},
    Journal = {Phys. Rev.},
    Month = {Nov},
    Pages = {781--782},
    Title = {Solar Ultraviolet Spectrum to 88 Kilometers},
    Volume = {70},
    Year = {1946}}
